@phdthesis{theseJBriffaut,
	author = "Briffaut, Jérémy",
	title = "Formalisation et garantie de propriétés de
sécurité système: application à la détection d'intrusions",
	school = "ENSI de Bourges",
	year = "2007",
	note = "Available at:
\url{http://tel.archives-ouvertes.fr/tel-00261613}"
}

@inproceedings{lsm2002linux,
	title = "Linux security modules: General security support for the
Linux kernel",
	author = "Wright, C. and Cowan, C. and Smalley, S. and Morris, J. and
Kroah-Hartman, G.",
	booktitle = "Proceedings of the 11th USENIX Security Symposium",
	volume = "2",
	year = "2002",
	organization = "San Francisco, CA",
	note = "Available at: \url{
http://citeseerx.ist.psu.edu/viewdoc/download?doi=10.1.1.84.6867&rep=rep1&type=p
df}"
}

@inproceedings{inevitabilityoffailure1998,
	title = "The inevitability of failure: The flawed assumption of security in
modern computing environments",
	author = "Loscocco, P.A. and Smalley, S.D. and Muckelbauer, P.A. and Taylor,
R.C. and Turner, S.J. and Farrell, J.F.",
	booktitle = "Proceedings of the 21st National Information Systems Security
	Conference",
	volume = "10",
	pages = "303--314",
	year = "1998"
}

@inproceedings{pigaosdefisecurite2011,
	title = "{PIGA}-{OS}: retour sur le système d'exploitation vainqueur du défi
sécurité",
	author = "Briffaut, Jérémy and Peres, Martin and Rouzaud-Cornabas, Jonathan
and Solanki, Jigar and Toinard, Christian and Venelle, Benjamin",
	booktitle = "RenPar'20 / SympA'14/ CFSE 8",
	year = "2011",
	note = "Available at: \url{http://renpar.irisa.fr/cfse8/cfse8_16.pdf}"
}

@article{pigaproperty2010,
	title = "Formalization of security properties: enforcement for mac
operating systems and verification of dynamic mac policies",
	author= "Briffaut, Jérémy and Lalande, Jean-François. and Toinard,
Christian",
	journal = "International journal on advances in security",
	volume = "2",
	number = "4",
	pages = "325--343",
	year = "2010"
}

@article{hru1976protection,
	title = "Protection in operating systems",
	author = "Harrison, Michael A. and Ruzzo, Walter L. and Ullman, Jeffrey D.",
	journal = "Communications of the ACM",
	volume = "19",
	number = "8",
	pages = "461--471",
	year = "1976",
	publisher = "ACM",
	note = "Available at: \url{
http://citeseerx.ist.psu.edu/viewdoc/download?doi=10.1.1.106.7226&rep=rep1&type=
pdf}"
}

@book{linuxkerneldevelopment2009,
	title = "Linux kernel development, third edition",
	author = "Love, Robert",
	year = "2010",
	publisher = "Addison-Wesley Professional"
}

@book{selinuxbyexample2006,
	title = "{SEL}inux by {E}xample: {U}sing {S}ecurity {E}nhanced {L}inux
(Prentice Hall
Open Source Software Development Series)",
	author = "Mayer, Frank and MacMillan, Karl and Caplan, David",
	year = "2006",
	publisher = "Prentice Hall PTR"
}

@book{selinuxnotebook2010,
	author = "Richard Haines",
	title = "The {SEL}inux {N}otebook - {T}he {F}oundations - 2nd edition",
	publisher = "Richard Haines",
	year = "2009",
	note = "Available at: \url{
http://www.freetechbooks.com/the-selinux-notebook-the-foundations-t785.html}"
}

@conference{managingrhel52007,
	author = "Walsh, Daniel J. and MacMillan, Karl",
	title = "Managing {R}ed {H}at {E}nterprise {L}inux 5",
	booktitle = "SELinux Symposium",
	year = "2007",
	note =
"Available at: \url{
http://people.redhat.com/dwalsh/SELinux/Presentations/ManageRHEL5.pdf}"
}

@misc{gentoohardenedproject,
	title = "Gentoo {H}ardened {P}roject",
	note = "\url{http://www.gentoo.org/proj/en/hardened}"
}

@misc{gentooselinuxhandbook,
	title = "Gentoo {SEL}inux {H}andbook",
	note = "Available at: \url{
http://www.gentoo.org/proj/en/hardened/selinux/selinux-handbook.xml}"
}

@misc{inteltxt,
	title = "Intel {T}rusted {E}xecution {T}echnology ({TXT})",
	note = "\url{http://www.intel.com/technology/malwarereduction/index.htm}"
}

@misc{linuxima,
	title = "Linux {I}ntegrity {S}ubsystem and {I}ntegrity {M}easurement
{A}rchitecture",
	note = "\url{http://linux-ima.sourceforge.net}"
}

@misc{confuseddeputyproblem,
	title = "The confused deputy problem",
	note = "\url{http://www.cis.upenn.edu/~KeyKOS/ConfusedDeputy.html}"
}

@misc{maccomparison,
	title = "How is {TOMOYO} Linux different from {SEL}inux and {A}pp{A}rmor?
{S}ecure {OS} comparison at a glance",
	note = "\url{http://tomoyo.sourceforge.jp/wiki-e/?WhatIs#comparison}"
}

@misc{schaufler2008simplified,
	title = "The {S}implified {M}andatory {A}ccess {C}ontrol {K}ernel",
	author = "Schaufler, Casey",
	year = "2008",
	publisher = "Whitepaper",
	note = "Available at: \url{
http://linuxplumbersconf.org/2009/slides/Casey-SmackPlumbers2010.pdf}"
}

@article{tanaka2003access,
	title = "Access policy generation system based on process execution
history",
	author = "TANAKA, T.H.T.H.K.",
	year = "2003",
	note = "Available at: \url{
http://en.sourceforge.jp/projects/tomoyo/docs/nsf2003-en.pdf/en/2/nsf2003-en.pdf
.pdf}"
}

@inproceedings{harada2004task,
	title = "Task {O}riented {M}anagement {O}bviates {Y}our {O}nus on {L}inux",
	author = "Harada, T. and HORIE, T. and TANAKA, K.",
	booktitle = "Linux Conference",
	year = "2004",
	note = "Available at: \url{
http://sourceforge.jp/projects/tomoyo/document/lc2004-en.pdf}"
}

@inproceedings{harada2005towards,
	title = "Towards a manageable {L}inux security",
	author = "HARADA, T. and HORIE, T. and TANAKA, K.",
	booktitle = "Linux Conference",
	volume = "2005",
	year = "2005",
	note = "Available at: \url{
http://ko.sourceforge.jp/projects/tomoyo/docs/lc2005-en.pdf/en/2/lc2005-en.pdf.p
df}"
}

@misc{grsecuritywebsite,
	title = "grsecurity website",
	note = "\url{http://grsecurity.net}"
}

@misc{grsecuritylsm,
	title = "Why doesn't grsecurity use {LSM}?",
	note = "\url{http://grsecurity.net/lsm.php}"
}

@misc{trustedbsdproject,
	title = "The {T}rusted{BSD} Project",
	note = "\url{http://www.trustedbsd.org}"
}

@misc{qnxoperatingsystem,
	title = "{QNX} {R}ealtime {O}perating {S}ystem",
	note = "\url{http://www.qnx.com}"
}

@misc{commoncriteria,
	title = "Common {C}riteria for {I}nformation {T}echnology {S}ecurity
{E}valuation",
	note = "\url{http://www.commoncriteriaportal.org}"
}

@article{tcsec1986,
	title = "Department of {D}efense {T}rusted {C}omputer {S}ystem {E}valuation
{C}riteria",
	author = "Latham, D.C.",
	journal = "Department of Defense",
	year = "1986"
}

@misc{capabilitycapsicum,
	title = "Capsicum: practical capabilities for {UNIX}",
	note = "\url{http://www.cl.cam.ac.uk/research/security/capsicum/}"
}

@book{schneier2011secrets,
	title = "Secrets and lies: digital security in a networked world",
	author = "Schneier, Bruce",
	year= "2011",
	publisher = "Wiley"
}

@misc{rhelwebsite,
	title = "Red {H}at {E}nterprise {L}inux",
	note = "\url{http://www.redhat.com/rhel}"
}

@misc{fedorawebsite,
	title = "Fedora",
	note = "\url{http://fedoraproject.org}"
}

@misc{centoswebsite,
	title = "Cent{OS}",
	note = "\url{http://www.centos.org}"
}

@misc{scientificlinuxwebsite,
	title = "Scientific {L}inux",
	note = "\url{http://www.scientificlinux.org}"
}

@misc{gentoowebsite,
	title = "Gentoo",
	note = "\url{http://www.gentoo.org}"
}

@techreport{BLP,
	title = "Secure computer systems: {M}athematical foundations",
	author = "Bell, D.E.",
	year = "1973",
	institution = "DTIC Document"
}

@techreport{Biba,
	title = "Integrity considerations for secure computer systems",
	author = "Biba, K.J.",
	year= "1977",
	institution = "DTIC Document"
}
